@article{example_reference,
  author  = {John Doe},
  title   = {An example article},
  journal = {Journal of Examples},
  year    = {2021},
  volume  = {1},
  number  = {1},
  pages   = {1-10}
}